% Para cada title, coloque o título dentro de \textbf{} para que o título sempre esteja em negrito, como manda o padrão de normalização da PUC.

@mastersthesis{tostes:10,
	author = {Anna Izabel J. Tostes},
	title = {\textbf{Representações Neural e Fuzzy de Controle de Admissão de Chamadas Para Redes {E-UMTS}}},
	school = {Pontifícia Universidade Católica de Minas Gerais, Programa de Pós-graduação em Informática},
	year   = {2010},
	month  = {Outubro}
}

@book{Etal.Han2005,
author = {et al. Han},
file = {:D$\backslash$:/Dropbox/PUC/TCC/TCC - Material/eBooks/Data Mining Concepts and Techniques 2nd - Han 2005 - Morgan Kaufmann.pdf:pdf},
isbn = {9781558609013},
title = {{Data Mining Concepts and Techniques}},
year = {2005}
}

@book{Date2000,
author = {Date, C. J.},
editor = {Campus},
file = {:D$\backslash$:/Dropbox/PUC/TCC/SQL Server/Introdu\c{c}\~{a}o a Sistemas de Banco de Dados - Date.pdf:pdf},
isbn = {8535205608},
title = {{Introdu\c{c}\~{a}o a Sistemas de Banco de Dados}},
year = {2000}
}

@misc{MSDNas,
author = {MSDN, Microsoft},
title = {{Analysis Services}},
url = {http://msdn.microsoft.com/pt-br/library/bb522607.aspx},
year = {2012}
}

@misc{Reboucas,
author = {Rebouças, Fernando},
title = {Data Warehouse},
url = {http://www.infoescola.com/informatica/data-warehouse},
year = {2010}
}

@misc{OfficeOLAP,
author = {Microsoft},
title = {{Vis\~{a}o geral do OLAP}},
url = {http://office.microsoft.com/pt-br/excel-help/visao-geral-do-olap-processamento-analitico-online-HP010177437.aspx},
year = {2012}
}

@article{Fayyad1996,
author = { et al. Fayyad},
file = {:D$\backslash$:/Dropbox/PUC/TCC/KDD/aimag-kdd-overview-1996-Fayyad.pdf:pdf},
pages = {37--54},
title = {{From Data Mining to Knowledge Discovery in Databases}},
year = {1996}
}

@book{Pyle1999,
author = {et al. Pyle},
file = {:D$\backslash$:/Dropbox/PUC/TCC/TCC - Material/eBooks/Pyle - Data Preparation for Data Mining - 1999 - Morgan Kaufmann.pdf:pdf},
isbn = {4159822665},
title = {{Data Preparation for Data Mining}},
year = {1999}
}

@article{Fi,
annote = {Data mining para constru\c{c}\~{a}o de processo administrativo},
author = {Fi, Plata and Justo, Juan B and Econ, Ciencias and Funes, Sociales},
file = {:D$\backslash$:/TCC - Material/art07.pdf:pdf},
keywords = {2006,accepted november 14,decision-making process - data,education institutions,higher,knowledge discovery- administrative circuits,mining,received june 22},
title = {{Data Mining application to decision-making processes in University Management}}
}

@article{Merceron,
annote = {Predi\c{c}\~{a}o de desempenho escolar em sistemas web atrav\'{e}s da quantidade de exerc\'{\i}cios feitas pela aluno.},
author = {Merceron, Agathe and Yacef, Kalina},
file = {:D$\backslash$:/TCC - Material/10.1.1.137.9030.pdf:pdf},
journal = {Context},
title = {{Educational Data Mining : a Case Study}}
}

@article{Luan2004,
author = {Luan, Jing},
file = {:D$\backslash$:/TCC - Material/1122641492\_Data mining applications in higher education.pdf:pdf},
journal = {SPSS Executive Report},
title = {{Data mining applications in higher education}},
url = {http://www.insol.lt/media/collateral/modeling/education.pdf},
year = {2002}
}

@article{Mendes1997,
author = {Mendes, Mauro},
file = {:D$\backslash$:/Dropbox/PUC/TCC/Dayana/Artigos encontrados/A DEMANDA POR VAGAS NO ENSINO SUPERIOR.PDF:PDF},
pages = {1--26},
title = {{A demanda por vagas no ensino superior: an\'{a}lise dos vestibulares da ufmg na d\'{e}cada de 90}},
year = {1997}
}

@article{Romero2007,
annote = {Data mining em um sistema de educa\c{c}\~{a}o web.    
Mostra passos do KDD},
author = {Romero, C. and Ventura, S.},
doi = {10.1016/j.eswa.2006.04.005},
file = {:D$\backslash$:/TCC - Material/10.1.1.103.702.pdf:pdf},
issn = {09574174},
journal = {Expert Systems with Applications},
keywords = {data mining,educational systems,web mining,web-based educational systems},
month = jul,
number = {1},
pages = {135--146},
title = {{Educational data mining: A survey from 1995 to 2005}},
url = {http://linkinghub.elsevier.com/retrieve/pii/S0957417406001266},
volume = {33},
year = {2007}
}

@misc{Inep2011,
author = {Inep, MEC},
title = {{Censo da Educa\c{c}\~{a}o Superior}},
url = {http://portal.inep.gov.br/web/censo-da-educacao-superior},
year = {2011}
}

@article{Ramos1996,
author = {et al. Ramos, Mozart N.},
file = {:D$\backslash$:/Dropbox/PUC/TCC/Dayana/Artigos encontrados/Diplomacao\_Retencao\_Evasao\_Graduacao\_em\_IES\_Publicas-1996.pdf:pdf},
title = {{Comiss\~{a}o Especial de Estudos sobre a Evas\~{a}o nas Universidades P\'{u}blicas Brasileiras ANDIFES / ABRUEM / SESu / MEC Diploma\c{c}\~{a}o , Reten\c{c}\~{a}o e Evas\~{a}o nos Cursos de Gradua\c{c}\~{a}o em Institui\c{c}\~{o}es de Ensino Superior P\'{u}blicas Outubro de 1996}},
year = {1996}
}

@article{Cat2008,
author = {et al. Cardoso, Olinda N. P.},
file = {:D$\backslash$:/Dropbox/PUC/TCC/Bruno/www.scielo.br\_BARRA\_pdf\_BARRA\_rap\_BARRA\_v42n3\_BARRA\_a04v42n3\_17.03.12.pdf:pdf},
number = {3},
pages = {495--528},
title = {{Gest\~{a}o do conhecimento usando data mining : estudo de caso na Universidade Federal de Lavras *}},
volume = {42},
year = {2008}
}

@article{Preto,
author = {Preto, Douglas and Silveira, Sidnei Renato},
file = {:D$\backslash$:/Dropbox/PUC/TCC/Bruno/\_--\_ensino.univates.br\_BARRA\_\~{}cetec\_BARRA\_wet\_BARRA\_anais2010\_BARRA\_C08-wet2010.pdf:pdf},
journal = {Dados},
title = {{Um Estudo de Caso da Aplica\c{c}\~{a}o de Minera\c{c}\~{a}o de Dados em uma Institui\c{c}\~{a}o de Ensino Superior}}
}

@article{Christine2009,
annote = {Estudantes que iniciam a gradua\c{c}\~{a}o e desistem s\~{a}o desperd\'{\i}cios sociais, acad\^{e}micos e economicos. Ser aprovado no vestibular deixou de ser a \'{u}nica forma de ingressar no ensino superior. As universidades passaram a ter autonomia para definir os seus crit\'{e}rios de sele\c{c}\~{a}o. 50\% de evas\~{a}o em uma turma. Raz\~{a}o: Escolha errada do curso.},
author = {et al. Dias, Ellen Christine Moraes},
file = {:D$\backslash$:/Dropbox/PUC/TCC/Dayana/Artigos encontrados/Evas\~{a}o no Ensino Superior - Estudo de Fatores.pdf:pdf},
pages = {1--16},
title = {{Evas\~{a}o no ensino superior: Estudo dos fatores causadores da evas\~{a}o no curso de ci\^{e}ncias cont\'{a}beis da Universidade Estadual de Montes Claros - Unimontes - MG}},
year = {2009}
}

@article{Beatriz2007,
annote = {Ensina fazer c\'{a}lculo de evas\~{a}o anual m\'{e}dia e \'{\i}ndice de titula\c{c}\~{a}o. Estudo sobre evas\~{a}o de diferentes cursos a partir de dados do inep.},
author = {et al. Filho, Roberto Leal Lobo e Silva},
file = {:D$\backslash$:/Dropbox/PUC/TCC/Dayana/Artigos encontrados/A EVAS\~{A}O NO ENSINO SUPERIOR BRASILEIRO.pdf:pdf},
journal = {Higher Education},
pages = {641--659},
title = {{A evas\~{a}o no ensino superior Brasileiro}},
year = {2007}
}

@book{Inep2012,
address = {Bras\'{\i}lia},
author = {Inep},
file = {:D$\backslash$:/Documents/Mendeley Desktop/resumo\_tecnico\_censo\_educacao\_superior\_2010.pdf:pdf},
isbn = {9788578630188},
title = {{Censo da educa\c{c}\~{a}o superior: 2010 – resumo t\'{e}cnico.}},
year = {2012}
}