@inproceedings{ferreira1997inversuao,
  title={Invers{\u{a}}o de Sondagem El{\'e}trica Vertical Utilizando Algoritmos Gen{\'e}ticos Combinado com Invers{\u{a}}o Linearizada},
  author={Ferreira, Niraldo Roberto and Porsani, Milton Jos{\'e}},
  booktitle={5th International Congress of the Brazilian Geophysical Society},
  year={1997}
}